% This file was created with JabRef 2.6.
% Encoding: UTF-8

@ARTICLE{Bagar2010,
  author = {Florian Bagar and Daniel Scherzer and Michael Wimmer},
  title = {A Layered Particle-Based Fluid Model for Real-Time Rendering of Water},
  journal = {Comput. Graph. Forum},
  year = {2010},
  volume = {29},
  pages = {1383-1389},
  number = {4},
  citedby = {0},
  cites = {0},
  doi = {http://dx.doi.org/10.1111/j.1467-8659.2010.01734.x},
  researchr = {http://researchr.org/publication/BagarSW10}
}

@INPROCEEDINGS{Gao2010,
  author = {Xiuting Gao and Xiaohu Ma},
  title = {Simulation of fire based on improved particle system and texture
	rendering},
  booktitle = {Image Analysis and Signal Processing (IASP), 2010 International Conference
	on},
  year = {2010},
  pages = {587 -590},
  month = {april},
  doi = {10.1109/IASP.2010.5476049},
  keywords = {computer graphic;flame simulation;multitexture technology;particle
	system;random process;texture rendering;digital simulation;fires;flames;image
	texture;rendering (computer graphics);}
}

@INPROCEEDINGS{Kranidotis98,
  author = {Kranidotis, Argiris A.},
  title = {A particle system for direct synthesis of landscapes and textures},
  booktitle = {ACM SIGGRAPH 98 Conference abstracts and applications},
  year = {1998},
  series = {SIGGRAPH '98},
  pages = {273--},
  address = {New York, NY, USA},
  publisher = {ACM},
  acmid = {282244},
  doi = {http://doi.acm.org/10.1145/280953.282244},
  isbn = {1-58113-046-5},
  location = {Orlando, Florida, United States},
  url = {http://doi.acm.org/10.1145/280953.282244}
}

@ARTICLE{Lentine2010,
  author = {Lentine, Michael and Zheng, Wen and Fedkiw, Ronald},
  title = {A novel algorithm for incompressible flow using only a coarse grid
	projection},
  journal = {ACM Trans. Graph.},
  year = {2010},
  volume = {29},
  pages = {114:1--114:9},
  month = {July},
  acmid = {1778851},
  address = {New York, NY, USA},
  articleno = {114},
  doi = {http://doi.acm.org/10.1145/1778765.1778851},
  issn = {0730-0301},
  issue = {4},
  issue_date = {July 2010},
  keywords = {incompressible flow, simulation, smoke, water},
  numpages = {9},
  publisher = {ACM},
  url = {http://doi.acm.org/10.1145/1778765.1778851}
}

@INPROCEEDINGS{Perlin85,
  author = {Perlin, Ken},
  title = {An image synthesizer},
  booktitle = {Proceedings of the 12th annual conference on Computer graphics and
	interactive techniques},
  year = {1985},
  series = {SIGGRAPH '85},
  pages = {287--296},
  address = {New York, NY, USA},
  publisher = {ACM},
  acmid = {325247},
  doi = {http://doi.acm.org/10.1145/325334.325247},
  isbn = {0-89791-166-0},
  keywords = {algorithm development, fire, functional composition, interactive,
	pixel stream editor, solid texture, space function, stochastic modelling,
	turbulence, waves},
  numpages = {10},
  url = {http://doi.acm.org/10.1145/325334.325247}
}

@INPROCEEDINGS{Baravalle2010,
  author = {Baravalle R. and Delrieux C. and Garc\'ia Bauza C.},
  title = {Un Framework en GPU para representar y renderizar materiales en tiempo
	real},
  year = {2010},
  series = {ECImag 2010. Actas de la Tercera Escuela y Workshop Argentino en
	Ciencias de las Im\'agenes},
  pages = {21 - 26},
  location = {Bah\'ia Blanca}
}

@INPROCEEDINGS{Baravalle2011,
  author = {Baravalle R. and Delrieux C. and G\'omez, J. C.},
  title = {S\'intesis de texturas utilizando Sistemas de Part\'iculas},
  year = {2011},
  series = {ECImag 2011. Actas de la Tercera Escuela y Workshop Argentino en
	Ciencias de las Im\'agenes},
  location = {Bah\'ia Blanca}
}

@ARTICLE{Reeves83,
  author = {Reeves, W. T.},
  title = {Particle Systems -- a Technique for Modeling a Class of Fuzzy Objects},
  journal = {ACM Trans. Graph.},
  year = {1983},
  volume = {2},
  pages = {91--108},
  month = {April},
  acmid = {357320},
  address = {New York, NY, USA},
  doi = {http://doi.acm.org/10.1145/357318.357320},
  issn = {0730-0301},
  issue = {2},
  numpages = {18},
  publisher = {ACM},
  url = {http://doi.acm.org/10.1145/357318.357320}
}

@ARTICLE{Vanwijk91,
  author = {van Wijk, Jarke J.},
  title = {Spot noise texture synthesis for data visualization},
  journal = {SIGGRAPH Comput. Graph.},
  year = {1991},
  volume = {25},
  pages = {309--318},
  month = {July},
  acmid = {122751},
  address = {New York, NY, USA},
  doi = {http://doi.acm.org/10.1145/127719.122751},
  issn = {0097-8930},
  issue = {4},
  keywords = {flow visualization, fractals, particle systems, scientific visualization,
	texture synthesis},
  numpages = {10},
  publisher = {ACM},
  url = {http://doi.acm.org/10.1145/127719.122751}
}

@ARTICLE{Zhang06,
  author = {J. Zhang and A.K. Datta},
  title = {Mathematical modeling of bread baking process},
  journal = {Journal of Food Engineering},
  year = {2006},
  volume = {75},
  pages = {78 - 89},
  number = {1},
  doi = {DOI: 10.1016/j.jfoodeng.2005.03.058},
  issn = {0260-8774},
  keywords = {Baking},
  url = {http://www.sciencedirect.com/science/article/pii/S0260877405002104}
}


@article{Otsu79,
  added-at = {2010-11-26T17:22:24.000+0100},
  author = {Otsu, Nobuyuki},
  biburl = {http://www.bibsonomy.org/bibtex/2f29e34c187c486d74a0e7d8330c3af78/lysander07},
  booktitle = {N/A},
  citeulike-article-id = {2917492},
  citeulike-linkout-0 = {http://dx.doi.org/10.1109/TSMC.1979.4310076},
  citeulike-linkout-1 = {http://ieeexplore.ieee.org/xpls/abs\_all.jsp?arnumber=4310076},
  description = {CiteULike: A Threshold Selection Method from Gray-Level Histograms},
  doi = {10.1109/TSMC.1979.4310076},
  interhash = {dfc0090899e03f4462da2a2522dee640},
  intrahash = {f29e34c187c486d74a0e7d8330c3af78},
  journal = {IEEE Transactions on Systems, Man and Cybernetics},
  keywords = {analysis image},
  number = 1,
  pages = {62--66},
  posted-at = {2009-02-01 09:40:51},
  priority = {0},
  timestamp = {2010-11-26T17:22:24.000+0100},
  title = {{A} {T}hreshold {S}election {M}ethod from {G}ray-Level {H}istograms},
  url = {http://dx.doi.org/10.1109/TSMC.1979.4310076},
  volume = 9,
  year = 1979
}

@book{Mandelbrot83,
  author = "Benoit B. Mandelbrot",
  title = "The Fractal Geometry of Nature",
  publisher = "W. H. Freedman and Co.",
  year = "1983",
  address = "New York"
}

@article{Imre11,
    abstract = {In spatial ecology, habitat fragmentation is an important problem since its increase may create habitat remnants threatening species survival. There are several descriptors to characterize the processes leading to fragmentation. Some of them are model-dependent, while others suffer from the combined error of the perimeter and area measurements of the fragmented patches. In this article – using a theoretical model and a worked example – we would like to show that the Korcak-plot (and the corresponding fractal dimension, the Korcak-dimension) is not only a proper way to describe patchiness, but also applicable to detect secondary processes, like re-forestation, following the primary fragmentation.},
    author = {Imre, Attila R. and Cseh, D\'{a}niel and Neteler, Markus and Rocchini, Duccio},
    citeulike-article-id = {8743055},
    citeulike-linkout-0 = {http://dx.doi.org/10.1016/j.ecolind.2010.12.013},
    day = {20},
    doi = {10.1016/j.ecolind.2010.12.013},
    issn = {1470160X},
    journal = {Ecological Indicators},
    keywords = {fragmentation, habitat, landscape},
    month = jan,
    number = {5},
    pages = {1134--1138},
    posted-at = {2011-04-27 22:21:20},
    priority = {2},
    title = {Korcak dimension as a novel indicator of landscape fragmentation and re-forestation},
    url = {http://dx.doi.org/10.1016/j.ecolind.2010.12.013},
    volume = {11},
    year = {2011}
}


@article{Peitgen2004,
    author = {Peitgen, H. O. and J\"{u}rgens, H. and Saupe, D.},
    citeulike-article-id = {8028432},
    citeulike-linkout-0 = {http://books.google.com/books?hl=en\&\#38;lr=\&\#38;id=jVpS\_u0Lg4gC\&\#38;oi=fnd\&\#38;pg=PA1\&\#38;dq=The+new+science+of+networks\&\#38;ots=oLZeuPHak7\&\#38;sig=ks\_riQakkBXUZgeGRF1vJJ2099c},
    keywords = {fidelitybook, media, social},
    posted-at = {2010-10-16 08:59:34},
    priority = {2},
    title = {Chaos and fractals: new frontiers of science},
    url = {http://books.google.com/books?hl=en\&\#38;lr=\&\#38;id=jVpS\_u0Lg4gC\&\#38;oi=fnd\&\#38;pg=PA1\&\#38;dq=The+new+science+of+networks\&\#38;ots=oLZeuPHak7\&\#38;sig=ks\_riQakkBXUZgeGRF1vJJ2099c},
    year = {2004}
}

@inproceedings{Zong2010,
 author = {Zong, Zhimin and Nguyen, Duc Thanh and Ogunbona, Philip and Li, Wanqing},
 title = {On the Combination of Local Texture and Global Structure for Food Classification},
 booktitle = {Proceedings of the 2010 IEEE International Symposium on Multimedia},
 series = {ISM '10},
 year = {2010},
 isbn = {978-0-7695-4217-1},
 pages = {204--211},
 numpages = {8},
 url = {http://dx.doi.org/10.1109/ISM.2010.37},
 doi = {http://dx.doi.org/10.1109/ISM.2010.37},
 acmid = {1935433},
 publisher = {IEEE Computer Society},
 address = {Washington, DC, USA},
 keywords = {Local binary pattern, shape context, food classification},
} 

@article{Morse85,
    author = {Morse, D. R. and Lawton, J. H. and Dodson, M. M. and Williamson, M. H.},
    citeulike-article-id = {705770},
    citeulike-linkout-0 = {http://dx.doi.org/10.1038/314731a0},
    citeulike-linkout-1 = {http://dx.doi.org/10.1038/314731a0},
    day = {25},
    doi = {10.1038/314731a0},
    journal = {Nature},
    keywords = {fractal-dimension, space-occupation},
    month = apr,
    number = {6013},
    pages = {731--733},
    posted-at = {2006-06-21 14:24:39},
    priority = {2},
    title = {{Fractal dimension of vegetation and the distribution of arthropod body lengths}},
    url = {http://dx.doi.org/10.1038/314731a0},
    volume = {314},
    year = {1985}
}


@misc{Harris06,
    author = "Mark Harris and Kavid Luebke",
    title = "{GPGPU Tutorial}",
    howpublished = "Supercomputing 2006 Conference",
    year = 2006}

@article{Yeo09,
   title = "{Voodoo Beginnings - 10 Years of GPU Development}",
   author = "{Kenny Yeo}",
   journal = "PcStats",
   year = 2009,
   url = "{http://www.pcstats.com/NewsView.cfm?NewsID=73594}"}

@article{Mandelbrot89,
    author = {{Mandelbrot}, B. B.},
    citeulike-article-id = {6629608},
    citeulike-linkout-0 = {http://dx.doi.org/10.1007/BF00874478},
    citeulike-linkout-1 = {http://adsabs.harvard.edu/cgi-bin/nph-bib\_query?bibcode=1989PApGe.131....5M},
    doi = {10.1007/BF00874478},
    journal = {Pure and Applied Geophysics},
    month = mar,
    pages = {5--42},
    posted-at = {2010-02-05 10:24:31},
    title = {Multifractal measures, especially for the geophysicist},
    url = {http://dx.doi.org/10.1007/BF00874478},
    volume = {131},
    year = {1989}
}

@article{Purlis2010,
   title = "{Bread baking as a moving boundary problem. Part 2: Model validation
and numerical simulation}",
   author = "{Emmanuel Purlis, Viviana O. Salvadori}",
   journal = "Journal of Food Engineering",
    volume = {91},
   year = 2009,
    pages = {434--442}
   }

﻿@article {Gonzales2008,
   author = {Gonzales-Barron, Ursula and Butler, Francis},
   affiliation = {Biosystems Engineering, School of Agriculture, Food Science and Veterinary Medicine, University College Dublin, Earlsfort Terrace, Dublin 2, Ireland},
   title = {Fractal texture analysis of bread crumb digital images},
   journal = {European Food Research and Technology},
   publisher = {Springer Berlin / Heidelberg},
   issn = {1438-2377},
   keyword = {Chemistry and Materials Science},
   pages = {721-729},
   volume = {226},
   issue = {4},
   url = {http://dx.doi.org/10.1007/s00217-007-0582-3},
   note = {10.1007/s00217-007-0582-3},
   year = {2008}
}

@article{Kurt2009,
 author = {Kurt, Murat and Edwards, Dave},
 title = {A survey of BRDF models for computer graphics},
 journal = {SIGGRAPH Comput. Graph.},
 issue_date = {May 2009},
 volume = {43},
 number = {2},
 month = may,
 year = {2009},
 issn = {0097-8930},
 pages = {4:1--4:7},
 articleno = {4},
 numpages = {7},
 url = {http://doi.acm.org/10.1145/1629216.1629222},
 doi = {10.1145/1629216.1629222},
 acmid = {1629222},
 publisher = {ACM},
 address = {New York, NY, USA},
} 

@article{Breiman2001,
 author = {Breiman, Leo},
 title = {Random Forests},
 journal = {Mach. Learn.},
 issue_date = {October 1 2001},
 volume = {45},
 number = {1},
 month = oct,
 year = {2001},
 issn = {0885-6125},
 pages = {5--32},
 numpages = {28},
 url = {http://dx.doi.org/10.1023/A:1010933404324},
 doi = {10.1023/A:1010933404324},
 acmid = {570182},
 publisher = {Kluwer Academic Publishers},
 address = {Hingham, MA, USA},
 keywords = {classification, ensemble, regression},
} 

@inproceedings{Boser92,
 author = {Boser, Bernhard E. and Guyon, Isabelle M. and Vapnik, Vladimir N.},
 title = {A training algorithm for optimal margin classifiers},
 booktitle = {Proceedings of the fifth annual workshop on Computational learning theory},
 series = {COLT '92},
 year = {1992},
 isbn = {0-89791-497-X},
 location = {Pittsburgh, Pennsylvania, United States},
 pages = {144--152},
 numpages = {9},
 url = {http://doi.acm.org/10.1145/130385.130401},
 doi = {10.1145/130385.130401},
 acmid = {130401},
 publisher = {ACM},
 address = {New York, NY, USA},
} 

@INPROCEEDINGS{Baravalle2012,
  author = {Baravalle R. and Delrieux C. and G\'omez, J. C.},
  title = {S\'intesis procedimental de materiales: resultados en el modelado de pan y materiales cocidos},
  year = {2012},
  series = {Actas del XIV Workshop de Investigadores en Ciencias de la Computaci\'on (WICC) },
  %pages = {21 -- 26},
  location = {Posadas, Misiones, Argentina}
}

@INPROCEEDINGS{Silvetti2010,
  author = {Silvetti A. and Delrieux C.},
  title = {Multifractal Analysis of Medical Images.},
  year = {2010},
  series = { Actas de la trig\'esimo novena Jornada Argentina de Inform\'atica e Investigaci\'on Operativa (JAIIO)},
  pages = {1575 -- 1581},
  location = {Ciudad Aut\'onoma de Buenos Aires, Argentina}
}


@inproceedings{Andjelkovic2008,
 author = {Andjelkovic, Jelena and Zivic, Natasa and Reljin, Branimir and Celebic, Vladimir and Salom, Iva},
 title = {Classifications of digital medical images with multifractal analysis},
 booktitle = {Proceedings of the 8th conference on Signal, Speech and image processing},
 series = {SSIP'08},
 year = {2008},
 isbn = {978-960-6474-008-6},
 location = {Santander, Cantabria, Spain},
 pages = {88--92},
 numpages = {5},
 url = {http://dl.acm.org/citation.cfm?id=1503919.1503938},
 acmid = {1503938},
 publisher = {World Scientific and Engineering Academy and Society (WSEAS)},
 address = {Stevens Point, Wisconsin, USA},
 keywords = {FracLab, FracLac, carcinomas, fractals, h\~{o}lder-ov exponent, medical images, multifractals},
} 

@article{White83,
 author = {White, J. M. and Rohrer, G. D.},
 title = {Image thresholding for optical character recognition and other applications requiring character image extraction},
 journal = {IBM J. Res. Dev.},
 issue_date = {July 1983},
 volume = {27},
 number = {4},
 month = jul,
 year = {1983},
 issn = {0018-8646},
 pages = {400--411},
 numpages = {12},
 url = {http://dx.doi.org/10.1147/rd.274.0400},
 doi = {10.1147/rd.274.0400},
 acmid = {1665024},
 publisher = {IBM Corp.},
 address = {Riverton, NJ, USA},
} 

@article{Huang95,
title = "Image thresholding by minimizing the measures of fuzziness",
journal = "Pattern Recognition",
volume = "28",
number = "1",
pages = "41 - 51",
year = "1995",
note = "",
issn = "0031-3203",
doi = "10.1016/0031-3203(94)E0043-K",
url = "http://www.sciencedirect.com/science/article/pii/0031320394E0043K",
author = "Liang-Kai Huang and Mao-Jiun J. Wang",
keywords = "Image thresholding",
keywords = "Measure of fuzziness",
keywords = "Fuzzy membership function"
}

